@article{Bouchaud2013,
ePrefix = {arXiv},
arxivId = {1209.0453},
author = {Bouchaud, Jean Philippe},
doi = {10.1007/s10955-012-0687-3},
eprint = {1209.0453},
isbn = {0022-4715},
issn = {00224715},
journal = {Journal of Statistical Physics},
keywords = {Avalanches,Collective phenomena,Crises,Random field Ising model},
number = {3-4},
pages = {567--606},
title = {{Crises and Collective Socio-Economic Phenomena: Simple Models and Challenges}},
volume = {151},
year = {2013}
}